@article{Mylonas2020,
author = {Mylonas, Elena and Yoshida, Kenichi and Frick, Mareike and Hoyer, Kaja and Christen, Friederike and Kaeda, Jaspal and Obenaus, Matthias and Noerenberg, Daniel and \textbf{C. Hennch} and Chan, Willy and Ochi, Yotaro and Shiraishi, Yuichi and Shiozawa, Yusuke and Zenz, Thorsten and Oakes, Christopher C. and Sawitzki, Birgit and Schwarz, Michaela and Bullinger, Lars and le Coutre, Philipp and Rose-Zerilli, Matthew J.J. and Ogawa, Seishi and Damm, Frederik},
issn = {20411723},
journal = {Nature Communications},
number = {1},
pages = {1--12},
pmid = {31911629},
publisher = {Springer US},
title = {Single-cell analysis based dissection of clonality in myelofibrosis},
volume = {11},
year = {2020}
}
